<?xml version="1.0" encoding="UTF-8"?>
<collection xmlns:xsi="http://www.w3.org/2001/XMLSchema-instance" xsi:schemaLocation="http://www.loc.gov/MARC21/slim http://www.loc.gov/standards/marcxml/schema/MARC21slim.xsd" xmlns="http://www.loc.gov/MARC21/slim">
<record>
  <leader>02064cam a2200433Ma 4500</leader>
  <controlfield tag="001">3063209</controlfield>
  <controlfield tag="003">NNC</controlfield>
  <controlfield tag="005">20160118123333.0</controlfield>
  <controlfield tag="008">860129m19619999ua            000 0 arar </controlfield>
  <datafield tag="010" ind1=" " ind2=" ">
    <subfield code="a">   62000982 </subfield>
  </datafield>
  <datafield tag="035" ind1=" " ind2=" ">
    <subfield code="9">ATN5004CU</subfield>
  </datafield>
  <datafield tag="035" ind1=" " ind2=" ">
    <subfield code="a">(OCoLC)ocn123289225</subfield>
  </datafield>
  <datafield tag="035" ind1=" " ind2=" ">
    <subfield code="a">(OCoLC)123289225</subfield>
  </datafield>
  <datafield tag="035" ind1=" " ind2=" ">
    <subfield code="a">(NNC)3063209</subfield>
  </datafield>
  <datafield tag="040" ind1=" " ind2=" ">
    <subfield code="a">DLC</subfield>
    <subfield code="b">eng</subfield>
    <subfield code="c">HIN</subfield>
    <subfield code="d">OCLCG</subfield>
    <subfield code="d">STF</subfield>
    <subfield code="d">OCLCA</subfield>
    <subfield code="d">OCLCF</subfield>
    <subfield code="d">OCLCO</subfield>
    <subfield code="d">OCLCQ</subfield>
  </datafield>
  <datafield tag="050" ind1=" " ind2="4">
    <subfield code="a">BP154</subfield>
    <subfield code="b">.Q3 1961</subfield>
  </datafield>
  <datafield tag="100" ind1="1" ind2=" ">
    <subfield code="6">880-01</subfield>
    <subfield code="a">Qarāfī, Aḥmad ibn Idrīs,</subfield>
    <subfield code="d">-1285.</subfield>
  </datafield>
  <datafield tag="245" ind1="1" ind2="3">
    <subfield code="6">880-02</subfield>
    <subfield code="a">al-Dhakhīrah /</subfield>
    <subfield code="c">ta'līf Shihāb al-Dīn Abī al-ʻAbbās Aḥmad ibn Idrīs ibn ʻAbd al-Raḥmān al-Ṣanhājī al-Miṣrī al-mashhūr bi-al-Qarāfī.</subfield>
  </datafield>
  <datafield tag="260" ind1=" " ind2=" ">
    <subfield code="a">[al-Qāhirah] :</subfield>
    <subfield code="b">Maṭbaʻat Kulliyat al-Sharīʻah,</subfield>
    <subfield code="c">1961-</subfield>
  </datafield>
  <datafield tag="300" ind1=" " ind2=" ">
    <subfield code="a">volumes ;</subfield>
    <subfield code="c">26 cm.</subfield>
  </datafield>
  <datafield tag="336" ind1=" " ind2=" ">
    <subfield code="a">text</subfield>
    <subfield code="b">txt</subfield>
    <subfield code="2">rdacontent</subfield>
  </datafield>
  <datafield tag="337" ind1=" " ind2=" ">
    <subfield code="a">unmediated</subfield>
    <subfield code="b">n</subfield>
    <subfield code="2">rdamedia</subfield>
  </datafield>
  <datafield tag="338" ind1=" " ind2=" ">
    <subfield code="a">volume</subfield>
    <subfield code="b">nc</subfield>
    <subfield code="2">rdacarrier</subfield>
  </datafield>
  <datafield tag="490" ind1="1" ind2=" ">
    <subfield code="6">880-03</subfield>
    <subfield code="a">Min mawsūʻat al-fiqh al-Islāmī</subfield>
  </datafield>
  <datafield tag="500" ind1=" " ind2=" ">
    <subfield code="a">At head of title: al-Jāmiʻah al-Azharīyah. Kulīyat al-Sharīʻah.</subfield>
  </datafield>
  <datafield tag="505" ind1="0" ind2=" ">
    <subfield code="a">al-juz' al-awwal. al-Ṭahārah al-Ṣalāh--</subfield>
  </datafield>
  <datafield tag="650" ind1=" " ind2="0">
    <subfield code="a">Islamic law.</subfield>
  </datafield>
  <datafield tag="650" ind1=" " ind2="0">
    <subfield code="a">Malikites.</subfield>
  </datafield>
  <datafield tag="650" ind1=" " ind2="7">
    <subfield code="a">Islamic law.</subfield>
    <subfield code="2">fast</subfield>
    <subfield code="0">(OCoLC)fst00979949</subfield>
  </datafield>
  <datafield tag="650" ind1=" " ind2="7">
    <subfield code="a">Malikites.</subfield>
    <subfield code="2">fast</subfield>
    <subfield code="0">(OCoLC)fst01006724</subfield>
  </datafield>
  <datafield tag="776" ind1="0" ind2="8">
    <subfield code="i">Online version:</subfield>
    <subfield code="a">Qarāfī, Aḥmad ibn Idrīs, -1285.</subfield>
    <subfield code="t">Dhakhīrah.</subfield>
    <subfield code="d">[al-Qāhirah] : Maṭbaʻat Kulliyat al-Sharīʻah, l961-</subfield>
    <subfield code="w">(OCoLC)768060380</subfield>
  </datafield>
  <datafield tag="830" ind1=" " ind2="0">
    <subfield code="6">880-04</subfield>
    <subfield code="a">Min mawsūʻat al-fiqh al-Islāmī.</subfield>
  </datafield>
  <datafield tag="880" ind1="1" ind2=" ">
    <subfield code="6">100-01/r</subfield>
    <subfield code="a">قرافي، أحمد بن إدريس,</subfield>
    <subfield code="d">-1285.</subfield>
  </datafield>
  <datafield tag="880" ind1="1" ind2="2">
    <subfield code="6">245-02/r</subfield>
    <subfield code="a">الذخيرة /</subfield>
    <subfield code="c">تأليف شهاب الدين أبي العباس أحمد بن إدريس بن عبد الرحمن الصنهاجي المصري المشهور بالقرافي.</subfield>
  </datafield>
  <datafield tag="880" ind1=" " ind2=" ">
    <subfield code="6">260-00/r</subfield>
    <subfield code="a">[القاهرة] :</subfield>
    <subfield code="b">مطبعة كلية الشريعة،</subfield>
    <subfield code="c">1961-</subfield>
  </datafield>
  <datafield tag="880" ind1="0" ind2=" ">
    <subfield code="6">490-03/r</subfield>
    <subfield code="a">من موسوعة الفقه الإسلامي</subfield>
  </datafield>
  <datafield tag="880" ind1=" " ind2="0">
    <subfield code="6">830-04/r</subfield>
    <subfield code="a">من موسوعة الفقه الإسلامي</subfield>
  </datafield>
  <datafield tag="955" ind1=" " ind2=" ">
    <subfield code="b">0026816148</subfield>
    <subfield code="d">glx</subfield>
    <subfield code="e">893.799 Q1233</subfield>
    <subfield code="v">v.1</subfield>
  </datafield>
</record>
</collection>